@inproceedings{bhattamishra2020,
  title = {On the {{Ability}} and {{Limitations}} of {{Transformers}} to {{Recognize Formal Languages}}},
  booktitle = {Proceedings of the 2020 {{Conference}} on {{Empirical Methods}} in {{Natural Language Processing}} ({{EMNLP}})},
  author = {Bhattamishra, Satwik and Ahuja, Kabir and Goyal, Navin},
  editor = {Webber, Bonnie and Cohn, Trevor and He, Yulan and Liu, Yang},
  year = {2020},
  month = nov,
  pages = {7096--7116},
  publisher = {Association for Computational Linguistics},
  address = {Online},
  doi = {10.18653/v1/2020.emnlp-main.576}
}

@book{borges1998,
  title = {Collected Fictions},
  author = {Borges, Jorge Luis and Hurley, Andrew},
  year = {1998},
  series = {Penguin {{Classics Deluxe Edition}}},
  publisher = {Penguin Books},
  address = {New York, NY},
  isbn = {978-0-14-028680-9 978-0-670-84970-3},
  langid = {english}
}

@misc{bronstein2021,
  title = {Geometric {{Deep Learning}}: {{Grids}}, {{Groups}}, {{Graphs}}, {{Geodesics}}, and {{Gauges}}},
  shorttitle = {Geometric {{Deep Learning}}},
  author = {Bronstein, Michael M. and Bruna, Joan and Cohen, Taco and Veli{\v c}kovi{\'c}, Petar},
  year = {2021},
  month = may,
  number = {arXiv:2104.13478},
  eprint = {2104.13478},
  primaryclass = {cs, stat},
  publisher = {arXiv},
  doi = {10.48550/arXiv.2104.13478},
  archiveprefix = {arxiv},
  keywords = {Computer Science - Artificial Intelligence,Computer Science - Computational Geometry,Computer Science - Computer Vision and Pattern Recognition,Computer Science - Machine Learning,Statistics - Machine Learning}
}

@misc{conmy2023,
  title = {Towards {{Automated Circuit Discovery}} for {{Mechanistic Interpretability}}},
  author = {Conmy, Arthur and {Mavor-Parker}, Augustine N. and Lynch, Aengus and Heimersheim, Stefan and {Garriga-Alonso}, Adri{\`a}},
  year = {2023},
  month = oct,
  number = {arXiv:2304.14997},
  eprint = {2304.14997},
  primaryclass = {cs},
  publisher = {arXiv},
  doi = {10.48550/arXiv.2304.14997},
  archiveprefix = {arxiv},
  keywords = {Computer Science - Machine Learning}
}

@inproceedings{ebrahimi2020,
  title = {How {{Can Self-Attention Networks Recognize Dyck-n Languages}}?},
  booktitle = {Findings of the {{Association}} for {{Computational Linguistics}}: {{EMNLP}} 2020},
  author = {Ebrahimi, Javid and Gelda, Dhruv and Zhang, Wei},
  editor = {Cohn, Trevor and He, Yulan and Liu, Yang},
  year = {2020},
  month = nov,
  pages = {4301--4306},
  publisher = {Association for Computational Linguistics},
  address = {Online},
  doi = {10.18653/v1/2020.findings-emnlp.384}
}

@article{egri2006,
  title = {A {{Compositional Neural-network Solution}} to {{Prime-number Testing}}},
  author = {Egri, L{\'a}szl{\'o} and Shultz, Thomas R},
  year = {2006},
  langid = {english},
  keywords = {/unread}
}

@misc{gavranovic2024,
  title = {Categorical {{Deep Learning}}: {{An Algebraic Theory}} of {{Architectures}}},
  shorttitle = {Categorical {{Deep Learning}}},
  author = {Gavranovi{\'c}, Bruno and Lessard, Paul and Dudzik, Andrew and {von Glehn}, Tamara and Ara{\'u}jo, Jo{\~a}o G. M. and Veli{\v c}kovi{\'c}, Petar},
  year = {2024},
  month = feb,
  number = {arXiv:2402.15332},
  eprint = {2402.15332},
  primaryclass = {cs, math, stat},
  publisher = {arXiv},
  doi = {10.48550/arXiv.2402.15332},
  archiveprefix = {arxiv},
  keywords = {Computer Science - Artificial Intelligence,Computer Science - Machine Learning,Mathematics - Category Theory,Mathematics - Rings and Algebras,Statistics - Machine Learning}
}

@article{green2008,
  title = {The Primes Contain Arbitrarily Long Arithmetic Progressions},
  author = {Green, Benjamin and Tao, Terence},
  year = {2008},
  month = mar,
  journal = {Annals of Mathematics},
  volume = {167},
  number = {2},
  pages = {481--547},
  doi = {10.4007/annals.2008.167.481},
  langid = {english}
}

@misc{he2023,
  title = {Simplifying {{Transformer Blocks}}},
  author = {He, Bobby and Hofmann, Thomas},
  year = {2023},
  month = nov,
  number = {arXiv:2311.01906},
  eprint = {2311.01906},
  primaryclass = {cs},
  publisher = {arXiv},
  doi = {10.48550/arXiv.2311.01906},
  archiveprefix = {arxiv},
  keywords = {Computer Science - Machine Learning}
}

@article{heil2021,
  title = {Reproducibility Standards for Machine Learning in the Life Sciences},
  author = {Heil, Benjamin J. and Hoffman, Michael M. and Markowetz, Florian and Lee, Su-In and Greene, Casey S. and Hicks, Stephanie C.},
  year = {2021},
  month = oct,
  journal = {Nature Methods},
  volume = {18},
  number = {10},
  pages = {1132--1135},
  publisher = {Nature Publishing Group},
  doi = {10.1038/s41592-021-01256-7},
  copyright = {2021 Springer Nature America, Inc.},
  langid = {english},
  keywords = {Data publication and archiving,Machine learning,Standards}
}

@misc{hosseini2024,
  title = {You {{Need}} to {{Pay Better Attention}}},
  author = {Hosseini, Mehran and Hosseini, Peyman},
  year = {2024},
  month = mar,
  number = {arXiv:2403.01643},
  eprint = {2403.01643},
  primaryclass = {cs},
  doi = {10.48550/arXiv.2403.01643},
  archiveprefix = {arxiv},
  keywords = {68T07 (Primary) 68T45 68T50 68T10 15A03 15A04 (Secondary),Computer Science - Artificial Intelligence,Computer Science - Computation and Language,Computer Science - Computer Vision and Pattern Recognition,Computer Science - Machine Learning,I.2.10,I.2.6,I.2.7,I.4.0,I.5.0,I.7.0}
}

@misc{lee2024,
  title = {Exploring {{Prime Number Classification}}: {{Achieving High Recall Rate}} and {{Rapid Convergence}} with {{Sparse Encoding}}},
  shorttitle = {Exploring {{Prime Number Classification}}},
  author = {Lee, Serin and Kim, S.},
  year = {2024},
  month = feb,
  number = {arXiv:2402.03363},
  eprint = {2402.03363},
  primaryclass = {cs, math},
  publisher = {arXiv},
  archiveprefix = {arxiv},
  keywords = {11 68,Computer Science - Machine Learning,G.0,G.1.0,G.1.10,G.1.m,I.0,I.1.1,I.2.0,I.2.6,I.2.m,I.m,J.2,Mathematics - Number Theory}
}

@article{lipton2018,
  title = {The {{Mythos}} of {{Model Interpretability}}: {{In}} Machine Learning, the Concept of Interpretability Is Both Important and Slippery.},
  shorttitle = {The {{Mythos}} of {{Model Interpretability}}},
  author = {Lipton, Zachary C.},
  year = {2018},
  month = jun,
  journal = {Queue},
  volume = {16},
  number = {3},
  pages = {31--57},
  doi = {10.1145/3236386.3241340}
}

@misc{liu2023,
  title = {Seeing Is {{Believing}}: {{Brain-Inspired Modular Training}} for {{Mechanistic Interpretability}}},
  shorttitle = {Seeing Is {{Believing}}},
  author = {Liu, Ziming and Gan, Eric and Tegmark, Max},
  year = {2023},
  month = may,
  number = {arXiv:2305.08746},
  eprint = {2305.08746},
  primaryclass = {cond-mat, q-bio},
  doi = {10.48550/arXiv.2305.08746},
  archiveprefix = {arxiv},
  keywords = {Computer Science - Artificial Intelligence,Computer Science - Machine Learning,Computer Science - Neural and Evolutionary Computing,Condensed Matter - Disordered Systems and Neural Networks,Mathematics - Representation Theory,Quantitative Biology - Neurons and Cognition}
}

@misc{mcleish2024,
  title = {Transformers {{Can Do Arithmetic}} with the {{Right Embeddings}}},
  author = {McLeish, Sean and Bansal, Arpit and Stein, Alex and Jain, Neel and Kirchenbauer, John and Bartoldson, Brian R. and Kailkhura, Bhavya and Bhatele, Abhinav and Geiping, Jonas and Schwarzschild, Avi and Goldstein, Tom},
  year = {2024},
  month = may,
  number = {arXiv:2405.17399},
  eprint = {2405.17399},
  primaryclass = {cs},
  doi = {10.48550/arXiv.2405.17399},
  archiveprefix = {arxiv},
  keywords = {Computer Science - Artificial Intelligence,Computer Science - Machine Learning}
}

@misc{nanda2023,
  title = {Progress Measures for Grokking via Mechanistic Interpretability},
  author = {Nanda, Neel and Chan, Lawrence and Lieberum, Tom and Smith, Jess and Steinhardt, Jacob},
  year = {2023},
  month = oct,
  number = {arXiv:2301.05217},
  eprint = {2301.05217},
  primaryclass = {cs},
  publisher = {arXiv},
  archiveprefix = {arxiv},
  keywords = {Computer Science - Artificial Intelligence,Computer Science - Machine Learning}
}

@article{sogaard2023,
  title = {On the {{Opacity}} of {{Deep Neural Networks}}},
  author = {S{\o}gaard, Anders},
  year = {2023},
  month = apr,
  journal = {Canadian Journal of Philosophy},
  volume = {53},
  number = {3},
  pages = {224--239},
  doi = {10.1017/can.2024.1},
  copyright = {http://creativecommons.org/licenses/by/4.0},
  langid = {english}
}

@misc{wang2022a,
  title = {Interpretability in the {{Wild}}: A {{Circuit}} for {{Indirect Object Identification}} in {{GPT-2}} Small},
  shorttitle = {Interpretability in the {{Wild}}},
  author = {Wang, Kevin and Variengien, Alexandre and Conmy, Arthur and Shlegeris, Buck and Steinhardt, Jacob},
  year = {2022},
  month = nov,
  number = {arXiv:2211.00593},
  eprint = {2211.00593},
  primaryclass = {cs},
  doi = {10.48550/arXiv.2211.00593},
  archiveprefix = {arxiv},
  keywords = {Computer Science - Artificial Intelligence,Computer Science - Computation and Language,Computer Science - Machine Learning}
}

@misc{wang2024a,
  title = {Grokked {{Transformers}} Are {{Implicit Reasoners}}: {{A Mechanistic Journey}} to the {{Edge}} of {{Generalization}}},
  shorttitle = {Grokked {{Transformers}} Are {{Implicit Reasoners}}},
  author = {Wang, Boshi and Yue, Xiang and Su, Yu and Sun, Huan},
  year = {2024},
  month = may,
  number = {arXiv:2405.15071},
  eprint = {2405.15071},
  primaryclass = {cs},
  doi = {10.48550/arXiv.2405.15071},
  archiveprefix = {arxiv},
  keywords = {Computer Science - Computation and Language}
}

@misc{weiss2021,
  title = {Thinking {{Like Transformers}}},
  author = {Weiss, Gail and Goldberg, Yoav and Yahav, Eran},
  year = {2021},
  month = jul,
  number = {arXiv:2106.06981},
  eprint = {2106.06981},
  primaryclass = {cs},
  publisher = {arXiv},
  doi = {10.48550/arXiv.2106.06981},
  archiveprefix = {arxiv},
  keywords = {Computer Science - Computation and Language,Computer Science - Machine Learning}
}

@misc{wu2023b,
  title = {Classification of Integers Based on Residue Classes via Modern Deep Learning Algorithms},
  author = {Wu, Da and Yang, Jingye and Ahsan, Mian Umair and Wang, Kai},
  year = {2023},
  month = apr,
  journal = {arXiv.org},
  doi = {10.1016/j.patter.2023.100860},
  howpublished = {https://arxiv.org/abs/2304.01333v3},
  langid = {english}
}

@misc{zhang2023b,
  title = {Can {{Transformers Learn}} to {{Solve Problems Recursively}}?},
  author = {Zhang, Shizhuo Dylan and Tigges, Curt and Biderman, Stella and Raginsky, Maxim and Ringer, Talia},
  year = {2023},
  month = jun,
  number = {arXiv:2305.14699},
  eprint = {2305.14699},
  primaryclass = {cs},
  publisher = {arXiv},
  doi = {10.48550/arXiv.2305.14699},
  archiveprefix = {arxiv},
  keywords = {Computer Science - Artificial Intelligence,Computer Science - Logic in Computer Science,Computer Science - Machine Learning,Computer Science - Programming Languages}
}
